@book{2019space,
  title={Space Operations: Inspiring Humankind's Future},
  author={Pasquier, Helene and Cruzen, Craig A and Schmidhuber, Michael and Lee, Young H},
  year={2019},
  publisher={Springer}
}
